@misc{ wiki:whisky,
	author = "Wikipedia",
	title = "Whisky --- Wikipedia{,} The Free Encyclopedia",
	year = "2012",
	url = "\url{http://en.wikipedia.org/w/index.php?title=Whisky&oldid=499855910}",
	note = "[Online; accessed 1-July-2012]"
}
